@inproceedings{riedel13relation,
    author={Sebastian Riedel and Limin Yao and Benjamin M. Marlin and Andrew McCallum},
    title={Relation Extraction with Matrix Factorization and Universal Schemas},
    bdsk-url-1={/publications/papers/riedel13relation.pdf},
    month={June},
    booktitle={Joint Human Language Technology Conference/Annual Meeting of the North American Chapter of the Association for Computational Linguistics (HLT-NAACL '13)},
    year={2013},
}
